<record xmlns='http://www.loc.gov/MARC21/slim'><leader>00987cam a22002778a 4500</leader><controlfield tag='001'>a1710823</controlfield><controlfield tag='003'>SIRSI</controlfield><controlfield tag='005'>20150321050002.0</controlfield><controlfield tag='008'>890330s1989    nyu           000 1 eng  </controlfield><datafield ind1=' ' ind2=' ' tag='010'><subfield code='a'>   88040296</subfield></datafield><datafield ind1=' ' ind2=' ' tag='020'><subfield code='a'>0670826383</subfield></datafield><datafield ind1=' ' ind2=' ' tag='020'><subfield code='a'>9780670826384</subfield></datafield><datafield ind1=' ' ind2=' ' tag='035'><subfield code='a'>(CStRLIN)CSUG89-B18162</subfield></datafield><datafield ind1=' ' ind2=' ' tag='035'><subfield code='a'>(OCoLC-M)18558887</subfield></datafield><datafield ind1=' ' ind2=' ' tag='035'><subfield code='a'>(OCoLC-I)274055125</subfield></datafield><datafield ind1=' ' ind2=' ' tag='040'><subfield code='d'>COc.</subfield><subfield code='d'>OrLoB</subfield></datafield><datafield ind1='0' ind2=' ' tag='050'><subfield code='a'>PS3537.T3234</subfield><subfield code='b'>G8 1989</subfield></datafield><datafield ind1='0' ind2=' ' tag='082'><subfield code='a'>813/.52</subfield><subfield code='2'>19</subfield></datafield><datafield ind1='1' ind2=' ' tag='100'><subfield code='a'>Steinbeck, John,</subfield><subfield code='d'>1902-1968.</subfield><subfield code=' '>^A116705</subfield></datafield><datafield ind1='1' ind2='4' tag='245'><subfield code='a'>The grapes of wrath /</subfield><subfield code='c'>John Steinbeck ; introduction by Studs Terkel.</subfield></datafield><datafield ind1=' ' ind2=' ' tag='260'><subfield code='a'>New York :</subfield><subfield code='b'>Viking Penguin,</subfield><subfield code='c'>1989.</subfield></datafield><datafield ind1=' ' ind2=' ' tag='300'><subfield code='a'>619 p. ;</subfield><subfield code='c'>24 cm.</subfield></datafield><datafield ind1=' ' ind2=' ' tag='596'><subfield code='a'>1</subfield></datafield><datafield ind1='1' ind2=' ' tag='700'><subfield code='a'>Terkel, Studs,</subfield><subfield code='d'>1912-2008</subfield><subfield code=' '>^A19009</subfield></datafield><datafield ind1=' ' ind2=' ' tag='999'><subfield code='a'>PS3537.T3234 G8 1989</subfield><subfield code='w'>LC</subfield><subfield code='c'>1</subfield><subfield code='i'>36105005706572</subfield><subfield code='d'>2/2/2015</subfield><subfield code='e'>1/5/2015</subfield><subfield code='l'>STACKS</subfield><subfield code='m'>GREEN</subfield><subfield code='n'>44</subfield><subfield code='q'>13</subfield><subfield code='r'>Y</subfield><subfield code='s'>Y</subfield><subfield code='t'>STKS-MONO</subfield><subfield code='u'>3/30/1989</subfield></datafield><datafield ind1=' ' ind2=' ' tag='999'><subfield code='a'>PS3537.T3234 G8 1989</subfield><subfield code='w'>LC</subfield><subfield code='c'>2</subfield><subfield code='i'>36105003811879</subfield><subfield code='d'>8/7/2013</subfield><subfield code='e'>7/21/2013</subfield><subfield code='l'>STACKS</subfield><subfield code='m'>GREEN</subfield><subfield code='n'>40</subfield><subfield code='r'>Y</subfield><subfield code='s'>Y</subfield><subfield code='t'>STKS-MONO</subfield><subfield code='u'>3/30/1989</subfield></datafield></record>